<record><leader>00000cas a22000007a 4500</leader><controlfield tag="001">13407371</controlfield><controlfield tag="008">860408d19471947njuwn ne      0    0eng d</controlfield><datafield ind1=" " ind2=" " tag="010"><subfield code="a">sn 86077097 </subfield></datafield><datafield ind1=" " ind2=" " tag="040"><subfield code="a">NPA</subfield><subfield code="b">eng</subfield><subfield code="c">NPA</subfield><subfield code="d">OCLCQ</subfield></datafield><datafield ind1=" " ind2=" " tag="042"><subfield code="a">msc</subfield></datafield><datafield ind1="0" ind2=" " tag="130"><subfield code="a">Sunshine news (Seaside Park, N.J.)</subfield></datafield><datafield ind1="1" ind2="0" tag="245"><subfield code="a">Sunshine news.</subfield></datafield><datafield ind1=" " ind2=" " tag="260"><subfield code="a">Seaside Park, N.J. :</subfield><subfield code="b">[s.n.],</subfield><subfield code="c">1947.</subfield></datafield><datafield ind1=" " ind2=" " tag="300"><subfield code="a">v. :</subfield><subfield code="b">ill. ;</subfield><subfield code="c">32 cm.</subfield></datafield><datafield ind1=" " ind2=" " tag="310"><subfield code="a">Weekly (through summer months)</subfield></datafield><datafield ind1="0" ind2=" " tag="362"><subfield code="a">Vol. 1, no. 1 (Aug. 9, 1947)-v. 1, no. 4 (Aug. 30, 1947).</subfield></datafield><datafield ind1=" " ind2=" " tag="500"><subfield code="a">Editor: Albert I. Mayer.</subfield></datafield><datafield ind1=" " ind2=" " tag="752"><subfield code="a">United States</subfield><subfield code="b">New Jersey</subfield><subfield code="c">Ocean</subfield><subfield code="d">Seaside Park.</subfield></datafield><datafield ind1="0" ind2="0" tag="785"><subfield code="t">Seaside Park's sunshine news</subfield><subfield code="w">(DLC)sn 86077098</subfield></datafield><datafield ind1="1" ind2=" " tag="029"><subfield code="a">AU@</subfield><subfield code="b">000025806883</subfield></datafield></record>